%YAML 1.1
%TAG !u! tag:unity3d.com,2011:
--- !u!1 &850203699898346369
GameObject:
  m_ObjectHideFlags: 0
  m_CorrespondingSourceObject: {fileID: 0}
  m_PrefabInstance: {fileID: 0}
  m_PrefabAsset: {fileID: 0}
  serializedVersion: 6
  m_Component:
  - component: {fileID: 4548979106350243633}
  m_Layer: 0
  m_Name: ArrowSpawn
  m_TagString: Untagged
  m_Icon: {fileID: 0}
  m_NavMeshLayer: 0
  m_StaticEditorFlags: 0
  m_IsActive: 0
--- !u!4 &4548979106350243633
Transform:
  m_ObjectHideFlags: 0
  m_CorrespondingSourceObject: {fileID: 0}
  m_PrefabInstance: {fileID: 0}
  m_PrefabAsset: {fileID: 0}
  m_GameObject: {fileID: 850203699898346369}
  m_LocalRotation: {x: 0, y: 0, z: 0, w: 1}
  m_LocalPosition: {x: -6.62, y: 0, z: 0}
  m_LocalScale: {x: 1, y: 1, z: 1}
  m_Children: []
  m_Father: {fileID: 8642397403259732366}
  m_RootOrder: 5
  m_LocalEulerAnglesHint: {x: 0, y: 0, z: 0}
--- !u!1 &8642397403259732361
GameObject:
  m_ObjectHideFlags: 0
  m_CorrespondingSourceObject: {fileID: 0}
  m_PrefabInstance: {fileID: 0}
  m_PrefabAsset: {fileID: 0}
  serializedVersion: 6
  m_Component:
  - component: {fileID: 8642397403259732366}
  - component: {fileID: 2291918828231942450}
  - component: {fileID: 121540742709836509}
  - component: {fileID: 3827187340438077147}
  m_Layer: 0
  m_Name: Normal Enemy
  m_TagString: Enemy
  m_Icon: {fileID: 0}
  m_NavMeshLayer: 0
  m_StaticEditorFlags: 0
  m_IsActive: 1
--- !u!4 &8642397403259732366
Transform:
  m_ObjectHideFlags: 0
  m_CorrespondingSourceObject: {fileID: 0}
  m_PrefabInstance: {fileID: 0}
  m_PrefabAsset: {fileID: 0}
  m_GameObject: {fileID: 8642397403259732361}
  m_LocalRotation: {x: 0, y: 0, z: 0, w: 1}
  m_LocalPosition: {x: -1.7, y: 0, z: 0}
  m_LocalScale: {x: 1, y: 1, z: 1}
  m_Children:
  - {fileID: 8642397404070517655}
  - {fileID: 8837313129648731288}
  - {fileID: 5342029543748130158}
  - {fileID: 5393632087518480696}
  - {fileID: 658738881481246792}
  - {fileID: 4548979106350243633}
  m_Father: {fileID: 0}
  m_RootOrder: 0
  m_LocalEulerAnglesHint: {x: 0, y: 0, z: 0}
--- !u!61 &2291918828231942450
BoxCollider2D:
  m_ObjectHideFlags: 0
  m_CorrespondingSourceObject: {fileID: 0}
  m_PrefabInstance: {fileID: 0}
  m_PrefabAsset: {fileID: 0}
  m_GameObject: {fileID: 8642397403259732361}
  m_Enabled: 1
  m_Density: 1
  m_Material: {fileID: 0}
  m_IsTrigger: 0
  m_UsedByEffector: 0
  m_UsedByComposite: 0
  m_Offset: {x: -0.24479795, y: -0.04589939}
  m_SpriteTilingProperty:
    border: {x: 0, y: 0, z: 0, w: 0}
    pivot: {x: 0, y: 0}
    oldSize: {x: 0, y: 0}
    newSize: {x: 0, y: 0}
    adaptiveTilingThreshold: 0
    drawMode: 0
    adaptiveTiling: 0
  m_AutoTiling: 0
  serializedVersion: 2
  m_Size: {x: 3.937574, y: 3.7845745}
  m_EdgeRadius: 0
--- !u!114 &121540742709836509
MonoBehaviour:
  m_ObjectHideFlags: 0
  m_CorrespondingSourceObject: {fileID: 0}
  m_PrefabInstance: {fileID: 0}
  m_PrefabAsset: {fileID: 0}
  m_GameObject: {fileID: 8642397403259732361}
  m_Enabled: 1
  m_EditorHideFlags: 0
  m_Script: {fileID: 11500000, guid: 6ea0674a377b0bc48b3d01ca2c83ee1a, type: 3}
  m_Name: 
  m_EditorClassIdentifier: 
  randomDirection: 0
  arrow:
  - {fileID: 1780352690591175414, guid: cea6669696f21594fbb129d08055bb4f, type: 3}
  - {fileID: 688207164739335984, guid: 00c1f3e00ecaa5043ac42520850565d5, type: 3}
  - {fileID: 2394823315970030685, guid: 82274071eafe5cf46aaa061e23bda6fd, type: 3}
  - {fileID: 7481353696182019729, guid: 58e9da77f55aae1498fa8ee10413fd93, type: 3}
  playerInRange: 0
--- !u!58 &3827187340438077147
CircleCollider2D:
  m_ObjectHideFlags: 0
  m_CorrespondingSourceObject: {fileID: 0}
  m_PrefabInstance: {fileID: 0}
  m_PrefabAsset: {fileID: 0}
  m_GameObject: {fileID: 8642397403259732361}
  m_Enabled: 1
  m_Density: 1
  m_Material: {fileID: 0}
  m_IsTrigger: 1
  m_UsedByEffector: 0
  m_UsedByComposite: 0
  m_Offset: {x: -11.385267, y: 0.13998222}
  serializedVersion: 2
  m_Radius: 13.238447
--- !u!1 &8642397404070517649
GameObject:
  m_ObjectHideFlags: 0
  m_CorrespondingSourceObject: {fileID: 0}
  m_PrefabInstance: {fileID: 0}
  m_PrefabAsset: {fileID: 0}
  serializedVersion: 6
  m_Component:
  - component: {fileID: 8642397404070517655}
  - component: {fileID: 8642397404070517654}
  m_Layer: 0
  m_Name: Box_01
  m_TagString: Untagged
  m_Icon: {fileID: 0}
  m_NavMeshLayer: 0
  m_StaticEditorFlags: 0
  m_IsActive: 1
--- !u!4 &8642397404070517655
Transform:
  m_ObjectHideFlags: 0
  m_CorrespondingSourceObject: {fileID: 0}
  m_PrefabInstance: {fileID: 0}
  m_PrefabAsset: {fileID: 0}
  m_GameObject: {fileID: 8642397404070517649}
  m_LocalRotation: {x: 0, y: 0, z: 0.7071068, w: 0.7071068}
  m_LocalPosition: {x: 0, y: 0, z: 0}
  m_LocalScale: {x: 1, y: 1, z: 1}
  m_Children: []
  m_Father: {fileID: 8642397403259732366}
  m_RootOrder: 0
  m_LocalEulerAnglesHint: {x: 0, y: 0, z: 90}
--- !u!212 &8642397404070517654
SpriteRenderer:
  m_ObjectHideFlags: 0
  m_CorrespondingSourceObject: {fileID: 0}
  m_PrefabInstance: {fileID: 0}
  m_PrefabAsset: {fileID: 0}
  m_GameObject: {fileID: 8642397404070517649}
  m_Enabled: 1
  m_CastShadows: 0
  m_ReceiveShadows: 0
  m_DynamicOccludee: 1
  m_MotionVectors: 1
  m_LightProbeUsage: 1
  m_ReflectionProbeUsage: 1
  m_RayTracingMode: 0
  m_RayTraceProcedural: 0
  m_RenderingLayerMask: 1
  m_RendererPriority: 0
  m_Materials:
  - {fileID: 10754, guid: 0000000000000000f000000000000000, type: 0}
  m_StaticBatchInfo:
    firstSubMesh: 0
    subMeshCount: 0
  m_StaticBatchRoot: {fileID: 0}
  m_ProbeAnchor: {fileID: 0}
  m_LightProbeVolumeOverride: {fileID: 0}
  m_ScaleInLightmap: 1
  m_ReceiveGI: 1
  m_PreserveUVs: 0
  m_IgnoreNormalsForChartDetection: 0
  m_ImportantGI: 0
  m_StitchLightmapSeams: 1
  m_SelectedEditorRenderState: 0
  m_MinimumChartSize: 4
  m_AutoUVMaxDistance: 0.5
  m_AutoUVMaxAngle: 89
  m_LightmapParameters: {fileID: 0}
  m_SortingLayerID: 0
  m_SortingLayer: 0
  m_SortingOrder: 0
  m_Sprite: {fileID: 21300000, guid: 1470a8da87de4eb44966e953ef10b55e, type: 3}
  m_Color: {r: 1, g: 1, b: 1, a: 1}
  m_FlipX: 0
  m_FlipY: 0
  m_DrawMode: 0
  m_Size: {x: 4.8, y: 4.8}
  m_AdaptiveModeThreshold: 0.5
  m_SpriteTileMode: 0
  m_WasSpriteAssigned: 1
  m_MaskInteraction: 0
  m_SpriteSortPoint: 0
--- !u!1001 &781015649131953082
PrefabInstance:
  m_ObjectHideFlags: 0
  serializedVersion: 2
  m_Modification:
    m_TransformParent: {fileID: 8642397403259732366}
    m_Modifications:
    - target: {fileID: 284560333256422386, guid: 58e9da77f55aae1498fa8ee10413fd93, type: 3}
      propertyPath: m_RootOrder
      value: 4
      objectReference: {fileID: 0}
    - target: {fileID: 284560333256422386, guid: 58e9da77f55aae1498fa8ee10413fd93, type: 3}
      propertyPath: m_LocalPosition.x
      value: -4.4607773
      objectReference: {fileID: 0}
    - target: {fileID: 284560333256422386, guid: 58e9da77f55aae1498fa8ee10413fd93, type: 3}
      propertyPath: m_LocalPosition.y
      value: 0.16192698
      objectReference: {fileID: 0}
    - target: {fileID: 284560333256422386, guid: 58e9da77f55aae1498fa8ee10413fd93, type: 3}
      propertyPath: m_LocalPosition.z
      value: 0
      objectReference: {fileID: 0}
    - target: {fileID: 284560333256422386, guid: 58e9da77f55aae1498fa8ee10413fd93, type: 3}
      propertyPath: m_LocalRotation.w
      value: 0.7071068
      objectReference: {fileID: 0}
    - target: {fileID: 284560333256422386, guid: 58e9da77f55aae1498fa8ee10413fd93, type: 3}
      propertyPath: m_LocalRotation.x
      value: -0
      objectReference: {fileID: 0}
    - target: {fileID: 284560333256422386, guid: 58e9da77f55aae1498fa8ee10413fd93, type: 3}
      propertyPath: m_LocalRotation.y
      value: -0
      objectReference: {fileID: 0}
    - target: {fileID: 284560333256422386, guid: 58e9da77f55aae1498fa8ee10413fd93, type: 3}
      propertyPath: m_LocalRotation.z
      value: -0.7071068
      objectReference: {fileID: 0}
    - target: {fileID: 284560333256422386, guid: 58e9da77f55aae1498fa8ee10413fd93, type: 3}
      propertyPath: m_LocalEulerAnglesHint.x
      value: 0
      objectReference: {fileID: 0}
    - target: {fileID: 284560333256422386, guid: 58e9da77f55aae1498fa8ee10413fd93, type: 3}
      propertyPath: m_LocalEulerAnglesHint.y
      value: 0
      objectReference: {fileID: 0}
    - target: {fileID: 284560333256422386, guid: 58e9da77f55aae1498fa8ee10413fd93, type: 3}
      propertyPath: m_LocalEulerAnglesHint.z
      value: -90
      objectReference: {fileID: 0}
    - target: {fileID: 7481353696182019729, guid: 58e9da77f55aae1498fa8ee10413fd93, type: 3}
      propertyPath: m_Name
      value: Down Arrow
      objectReference: {fileID: 0}
    - target: {fileID: 7481353696182019729, guid: 58e9da77f55aae1498fa8ee10413fd93, type: 3}
      propertyPath: m_IsActive
      value: 0
      objectReference: {fileID: 0}
    m_RemovedComponents: []
  m_SourcePrefab: {fileID: 100100000, guid: 58e9da77f55aae1498fa8ee10413fd93, type: 3}
--- !u!4 &658738881481246792 stripped
Transform:
  m_CorrespondingSourceObject: {fileID: 284560333256422386, guid: 58e9da77f55aae1498fa8ee10413fd93, type: 3}
  m_PrefabInstance: {fileID: 781015649131953082}
  m_PrefabAsset: {fileID: 0}
--- !u!1001 &1258425848747886065
PrefabInstance:
  m_ObjectHideFlags: 0
  serializedVersion: 2
  m_Modification:
    m_TransformParent: {fileID: 8642397403259732366}
    m_Modifications:
    - target: {fileID: 1780352690591175414, guid: cea6669696f21594fbb129d08055bb4f, type: 3}
      propertyPath: m_Name
      value: Right Arrow
      objectReference: {fileID: 0}
    - target: {fileID: 1780352690591175414, guid: cea6669696f21594fbb129d08055bb4f, type: 3}
      propertyPath: m_IsActive
      value: 0
      objectReference: {fileID: 0}
    - target: {fileID: 7769451375080124777, guid: cea6669696f21594fbb129d08055bb4f, type: 3}
      propertyPath: m_RootOrder
      value: 1
      objectReference: {fileID: 0}
    - target: {fileID: 7769451375080124777, guid: cea6669696f21594fbb129d08055bb4f, type: 3}
      propertyPath: m_LocalPosition.x
      value: -5.1515408
      objectReference: {fileID: 0}
    - target: {fileID: 7769451375080124777, guid: cea6669696f21594fbb129d08055bb4f, type: 3}
      propertyPath: m_LocalPosition.y
      value: -0.02646327
      objectReference: {fileID: 0}
    - target: {fileID: 7769451375080124777, guid: cea6669696f21594fbb129d08055bb4f, type: 3}
      propertyPath: m_LocalPosition.z
      value: 0
      objectReference: {fileID: 0}
    - target: {fileID: 7769451375080124777, guid: cea6669696f21594fbb129d08055bb4f, type: 3}
      propertyPath: m_LocalRotation.w
      value: 1
      objectReference: {fileID: 0}
    - target: {fileID: 7769451375080124777, guid: cea6669696f21594fbb129d08055bb4f, type: 3}
      propertyPath: m_LocalRotation.x
      value: -0
      objectReference: {fileID: 0}
    - target: {fileID: 7769451375080124777, guid: cea6669696f21594fbb129d08055bb4f, type: 3}
      propertyPath: m_LocalRotation.y
      value: -0
      objectReference: {fileID: 0}
    - target: {fileID: 7769451375080124777, guid: cea6669696f21594fbb129d08055bb4f, type: 3}
      propertyPath: m_LocalRotation.z
      value: -0
      objectReference: {fileID: 0}
    - target: {fileID: 7769451375080124777, guid: cea6669696f21594fbb129d08055bb4f, type: 3}
      propertyPath: m_LocalEulerAnglesHint.x
      value: 0
      objectReference: {fileID: 0}
    - target: {fileID: 7769451375080124777, guid: cea6669696f21594fbb129d08055bb4f, type: 3}
      propertyPath: m_LocalEulerAnglesHint.y
      value: 0
      objectReference: {fileID: 0}
    - target: {fileID: 7769451375080124777, guid: cea6669696f21594fbb129d08055bb4f, type: 3}
      propertyPath: m_LocalEulerAnglesHint.z
      value: 0
      objectReference: {fileID: 0}
    m_RemovedComponents: []
  m_SourcePrefab: {fileID: 100100000, guid: cea6669696f21594fbb129d08055bb4f, type: 3}
--- !u!4 &8837313129648731288 stripped
Transform:
  m_CorrespondingSourceObject: {fileID: 7769451375080124777, guid: cea6669696f21594fbb129d08055bb4f, type: 3}
  m_PrefabInstance: {fileID: 1258425848747886065}
  m_PrefabAsset: {fileID: 0}
--- !u!1001 &2784720664004159429
PrefabInstance:
  m_ObjectHideFlags: 0
  serializedVersion: 2
  m_Modification:
    m_TransformParent: {fileID: 8642397403259732366}
    m_Modifications:
    - target: {fileID: 688207164739335984, guid: 00c1f3e00ecaa5043ac42520850565d5, type: 3}
      propertyPath: m_Name
      value: Left Arrow
      objectReference: {fileID: 0}
    - target: {fileID: 688207164739335984, guid: 00c1f3e00ecaa5043ac42520850565d5, type: 3}
      propertyPath: m_IsActive
      value: 0
      objectReference: {fileID: 0}
    - target: {fileID: 7820469011209499307, guid: 00c1f3e00ecaa5043ac42520850565d5, type: 3}
      propertyPath: m_RootOrder
      value: 2
      objectReference: {fileID: 0}
    - target: {fileID: 7820469011209499307, guid: 00c1f3e00ecaa5043ac42520850565d5, type: 3}
      propertyPath: m_LocalPosition.x
      value: -5.5283213
      objectReference: {fileID: 0}
    - target: {fileID: 7820469011209499307, guid: 00c1f3e00ecaa5043ac42520850565d5, type: 3}
      propertyPath: m_LocalPosition.y
      value: -0.1520567
      objectReference: {fileID: 0}
    - target: {fileID: 7820469011209499307, guid: 00c1f3e00ecaa5043ac42520850565d5, type: 3}
      propertyPath: m_LocalPosition.z
      value: 0
      objectReference: {fileID: 0}
    - target: {fileID: 7820469011209499307, guid: 00c1f3e00ecaa5043ac42520850565d5, type: 3}
      propertyPath: m_LocalRotation.w
      value: 0
      objectReference: {fileID: 0}
    - target: {fileID: 7820469011209499307, guid: 00c1f3e00ecaa5043ac42520850565d5, type: 3}
      propertyPath: m_LocalRotation.x
      value: -0
      objectReference: {fileID: 0}
    - target: {fileID: 7820469011209499307, guid: 00c1f3e00ecaa5043ac42520850565d5, type: 3}
      propertyPath: m_LocalRotation.y
      value: -0
      objectReference: {fileID: 0}
    - target: {fileID: 7820469011209499307, guid: 00c1f3e00ecaa5043ac42520850565d5, type: 3}
      propertyPath: m_LocalRotation.z
      value: 1
      objectReference: {fileID: 0}
    - target: {fileID: 7820469011209499307, guid: 00c1f3e00ecaa5043ac42520850565d5, type: 3}
      propertyPath: m_LocalEulerAnglesHint.x
      value: 0
      objectReference: {fileID: 0}
    - target: {fileID: 7820469011209499307, guid: 00c1f3e00ecaa5043ac42520850565d5, type: 3}
      propertyPath: m_LocalEulerAnglesHint.y
      value: 0
      objectReference: {fileID: 0}
    - target: {fileID: 7820469011209499307, guid: 00c1f3e00ecaa5043ac42520850565d5, type: 3}
      propertyPath: m_LocalEulerAnglesHint.z
      value: 180
      objectReference: {fileID: 0}
    m_RemovedComponents: []
  m_SourcePrefab: {fileID: 100100000, guid: 00c1f3e00ecaa5043ac42520850565d5, type: 3}
--- !u!4 &5342029543748130158 stripped
Transform:
  m_CorrespondingSourceObject: {fileID: 7820469011209499307, guid: 00c1f3e00ecaa5043ac42520850565d5, type: 3}
  m_PrefabInstance: {fileID: 2784720664004159429}
  m_PrefabAsset: {fileID: 0}
--- !u!1001 &3029562514598169613
PrefabInstance:
  m_ObjectHideFlags: 0
  serializedVersion: 2
  m_Modification:
    m_TransformParent: {fileID: 8642397403259732366}
    m_Modifications:
    - target: {fileID: 2394823315970030685, guid: 82274071eafe5cf46aaa061e23bda6fd, type: 3}
      propertyPath: m_Name
      value: Up Arrow
      objectReference: {fileID: 0}
    - target: {fileID: 2394823315970030685, guid: 82274071eafe5cf46aaa061e23bda6fd, type: 3}
      propertyPath: m_IsActive
      value: 0
      objectReference: {fileID: 0}
    - target: {fileID: 6976406504455177525, guid: 82274071eafe5cf46aaa061e23bda6fd, type: 3}
      propertyPath: m_RootOrder
      value: 3
      objectReference: {fileID: 0}
    - target: {fileID: 6976406504455177525, guid: 82274071eafe5cf46aaa061e23bda6fd, type: 3}
      propertyPath: m_LocalPosition.x
      value: -4.4607773
      objectReference: {fileID: 0}
    - target: {fileID: 6976406504455177525, guid: 82274071eafe5cf46aaa061e23bda6fd, type: 3}
      propertyPath: m_LocalPosition.y
      value: 0.4131136
      objectReference: {fileID: 0}
    - target: {fileID: 6976406504455177525, guid: 82274071eafe5cf46aaa061e23bda6fd, type: 3}
      propertyPath: m_LocalPosition.z
      value: 0
      objectReference: {fileID: 0}
    - target: {fileID: 6976406504455177525, guid: 82274071eafe5cf46aaa061e23bda6fd, type: 3}
      propertyPath: m_LocalRotation.w
      value: 0.7071068
      objectReference: {fileID: 0}
    - target: {fileID: 6976406504455177525, guid: 82274071eafe5cf46aaa061e23bda6fd, type: 3}
      propertyPath: m_LocalRotation.x
      value: -0
      objectReference: {fileID: 0}
    - target: {fileID: 6976406504455177525, guid: 82274071eafe5cf46aaa061e23bda6fd, type: 3}
      propertyPath: m_LocalRotation.y
      value: -0
      objectReference: {fileID: 0}
    - target: {fileID: 6976406504455177525, guid: 82274071eafe5cf46aaa061e23bda6fd, type: 3}
      propertyPath: m_LocalRotation.z
      value: 0.7071068
      objectReference: {fileID: 0}
    - target: {fileID: 6976406504455177525, guid: 82274071eafe5cf46aaa061e23bda6fd, type: 3}
      propertyPath: m_LocalEulerAnglesHint.x
      value: 0
      objectReference: {fileID: 0}
    - target: {fileID: 6976406504455177525, guid: 82274071eafe5cf46aaa061e23bda6fd, type: 3}
      propertyPath: m_LocalEulerAnglesHint.y
      value: 0
      objectReference: {fileID: 0}
    - target: {fileID: 6976406504455177525, guid: 82274071eafe5cf46aaa061e23bda6fd, type: 3}
      propertyPath: m_LocalEulerAnglesHint.z
      value: 90
      objectReference: {fileID: 0}
    m_RemovedComponents: []
  m_SourcePrefab: {fileID: 100100000, guid: 82274071eafe5cf46aaa061e23bda6fd, type: 3}
--- !u!4 &5393632087518480696 stripped
Transform:
  m_CorrespondingSourceObject: {fileID: 6976406504455177525, guid: 82274071eafe5cf46aaa061e23bda6fd, type: 3}
  m_PrefabInstance: {fileID: 3029562514598169613}
  m_PrefabAsset: {fileID: 0}
