%YAML 1.1
%TAG !u! tag:unity3d.com,2011:
--- !u!1 &8121851126062797766
GameObject:
  m_ObjectHideFlags: 0
  m_CorrespondingSourceObject: {fileID: 0}
  m_PrefabInstance: {fileID: 0}
  m_PrefabAsset: {fileID: 0}
  serializedVersion: 6
  m_Component:
  - component: {fileID: 8121851126062797816}
  - component: {fileID: 8121851126062797767}
  m_Layer: 0
  m_Name: Spike_01
  m_TagString: Untagged
  m_Icon: {fileID: 0}
  m_NavMeshLayer: 0
  m_StaticEditorFlags: 0
  m_IsActive: 1
--- !u!4 &8121851126062797816
Transform:
  m_ObjectHideFlags: 0
  m_CorrespondingSourceObject: {fileID: 0}
  m_PrefabInstance: {fileID: 0}
  m_PrefabAsset: {fileID: 0}
  m_GameObject: {fileID: 8121851126062797766}
  m_LocalRotation: {x: -0, y: -0, z: -0, w: 1}
  m_LocalPosition: {x: 0, y: 0, z: 0}
  m_LocalScale: {x: 0.5, y: 0.5, z: 1}
  m_Children: []
  m_Father: {fileID: 8121851126732625300}
  m_RootOrder: 0
  m_LocalEulerAnglesHint: {x: 0, y: 0, z: 0}
--- !u!212 &8121851126062797767
SpriteRenderer:
  m_ObjectHideFlags: 0
  m_CorrespondingSourceObject: {fileID: 0}
  m_PrefabInstance: {fileID: 0}
  m_PrefabAsset: {fileID: 0}
  m_GameObject: {fileID: 8121851126062797766}
  m_Enabled: 1
  m_CastShadows: 0
  m_ReceiveShadows: 0
  m_DynamicOccludee: 1
  m_MotionVectors: 1
  m_LightProbeUsage: 1
  m_ReflectionProbeUsage: 1
  m_RayTracingMode: 0
  m_RayTraceProcedural: 0
  m_RenderingLayerMask: 1
  m_RendererPriority: 0
  m_Materials:
  - {fileID: 10754, guid: 0000000000000000f000000000000000, type: 0}
  m_StaticBatchInfo:
    firstSubMesh: 0
    subMeshCount: 0
  m_StaticBatchRoot: {fileID: 0}
  m_ProbeAnchor: {fileID: 0}
  m_LightProbeVolumeOverride: {fileID: 0}
  m_ScaleInLightmap: 1
  m_ReceiveGI: 1
  m_PreserveUVs: 0
  m_IgnoreNormalsForChartDetection: 0
  m_ImportantGI: 0
  m_StitchLightmapSeams: 1
  m_SelectedEditorRenderState: 0
  m_MinimumChartSize: 4
  m_AutoUVMaxDistance: 0.5
  m_AutoUVMaxAngle: 89
  m_LightmapParameters: {fileID: 0}
  m_SortingLayerID: 0
  m_SortingLayer: 0
  m_SortingOrder: 0
  m_Sprite: {fileID: 21300000, guid: 2bf6f07b07a95fa4b82d50ebaa4d46c2, type: 3}
  m_Color: {r: 1, g: 1, b: 1, a: 1}
  m_FlipX: 0
  m_FlipY: 0
  m_DrawMode: 0
  m_Size: {x: 9.6, y: 9.6}
  m_AdaptiveModeThreshold: 0.5
  m_SpriteTileMode: 0
  m_WasSpriteAssigned: 1
  m_MaskInteraction: 0
  m_SpriteSortPoint: 0
--- !u!1 &8121851126732625299
GameObject:
  m_ObjectHideFlags: 0
  m_CorrespondingSourceObject: {fileID: 0}
  m_PrefabInstance: {fileID: 0}
  m_PrefabAsset: {fileID: 0}
  serializedVersion: 6
  m_Component:
  - component: {fileID: 8121851126732625300}
  - component: {fileID: 6903362805199157211}
  - component: {fileID: 4945670956058363962}
  m_Layer: 0
  m_Name: Rotating Enemy
  m_TagString: Enemy
  m_Icon: {fileID: 0}
  m_NavMeshLayer: 0
  m_StaticEditorFlags: 0
  m_IsActive: 1
--- !u!4 &8121851126732625300
Transform:
  m_ObjectHideFlags: 0
  m_CorrespondingSourceObject: {fileID: 0}
  m_PrefabInstance: {fileID: 0}
  m_PrefabAsset: {fileID: 0}
  m_GameObject: {fileID: 8121851126732625299}
  m_LocalRotation: {x: 0, y: 0, z: 0, w: 1}
  m_LocalPosition: {x: -27.9, y: -6.71, z: 0}
  m_LocalScale: {x: 1, y: 1, z: 1}
  m_Children:
  - {fileID: 8121851126062797816}
  - {fileID: 775454335711416528}
  - {fileID: 933448682017811571}
  - {fileID: 3038169573694092424}
  - {fileID: 5482874596000616405}
  m_Father: {fileID: 0}
  m_RootOrder: 0
  m_LocalEulerAnglesHint: {x: 0, y: 0, z: 0}
--- !u!61 &6903362805199157211
BoxCollider2D:
  m_ObjectHideFlags: 0
  m_CorrespondingSourceObject: {fileID: 0}
  m_PrefabInstance: {fileID: 0}
  m_PrefabAsset: {fileID: 0}
  m_GameObject: {fileID: 8121851126732625299}
  m_Enabled: 1
  m_Density: 1
  m_Material: {fileID: 0}
  m_IsTrigger: 0
  m_UsedByEffector: 0
  m_UsedByComposite: 0
  m_Offset: {x: -0.042645454, y: 0.09239769}
  m_SpriteTilingProperty:
    border: {x: 0, y: 0, z: 0, w: 0}
    pivot: {x: 0, y: 0}
    oldSize: {x: 0, y: 0}
    newSize: {x: 0, y: 0}
    adaptiveTilingThreshold: 0
    drawMode: 0
    adaptiveTiling: 0
  m_AutoTiling: 0
  serializedVersion: 2
  m_Size: {x: 3.814577, y: 3.8572216}
  m_EdgeRadius: 0
--- !u!114 &4945670956058363962
MonoBehaviour:
  m_ObjectHideFlags: 0
  m_CorrespondingSourceObject: {fileID: 0}
  m_PrefabInstance: {fileID: 0}
  m_PrefabAsset: {fileID: 0}
  m_GameObject: {fileID: 8121851126732625299}
  m_Enabled: 1
  m_EditorHideFlags: 0
  m_Script: {fileID: 11500000, guid: ca4b27e8ca3fc114296b735350a5d3c7, type: 3}
  m_Name: 
  m_EditorClassIdentifier: 
  randomDirection: 0
  playerInRange: 0
--- !u!1001 &5402230349984510397
PrefabInstance:
  m_ObjectHideFlags: 0
  serializedVersion: 2
  m_Modification:
    m_TransformParent: {fileID: 8121851126732625300}
    m_Modifications:
    - target: {fileID: 2394823315970030685, guid: 82274071eafe5cf46aaa061e23bda6fd, type: 3}
      propertyPath: m_Name
      value: Up Arrow
      objectReference: {fileID: 0}
    - target: {fileID: 2394823315970030685, guid: 82274071eafe5cf46aaa061e23bda6fd, type: 3}
      propertyPath: m_IsActive
      value: 0
      objectReference: {fileID: 0}
    - target: {fileID: 6976406504455177525, guid: 82274071eafe5cf46aaa061e23bda6fd, type: 3}
      propertyPath: m_RootOrder
      value: 3
      objectReference: {fileID: 0}
    - target: {fileID: 6976406504455177525, guid: 82274071eafe5cf46aaa061e23bda6fd, type: 3}
      propertyPath: m_LocalPosition.x
      value: -4.3072987
      objectReference: {fileID: 0}
    - target: {fileID: 6976406504455177525, guid: 82274071eafe5cf46aaa061e23bda6fd, type: 3}
      propertyPath: m_LocalPosition.y
      value: 0.10780525
      objectReference: {fileID: 0}
    - target: {fileID: 6976406504455177525, guid: 82274071eafe5cf46aaa061e23bda6fd, type: 3}
      propertyPath: m_LocalPosition.z
      value: 0
      objectReference: {fileID: 0}
    - target: {fileID: 6976406504455177525, guid: 82274071eafe5cf46aaa061e23bda6fd, type: 3}
      propertyPath: m_LocalRotation.w
      value: 0.7071068
      objectReference: {fileID: 0}
    - target: {fileID: 6976406504455177525, guid: 82274071eafe5cf46aaa061e23bda6fd, type: 3}
      propertyPath: m_LocalRotation.x
      value: -0
      objectReference: {fileID: 0}
    - target: {fileID: 6976406504455177525, guid: 82274071eafe5cf46aaa061e23bda6fd, type: 3}
      propertyPath: m_LocalRotation.y
      value: -0
      objectReference: {fileID: 0}
    - target: {fileID: 6976406504455177525, guid: 82274071eafe5cf46aaa061e23bda6fd, type: 3}
      propertyPath: m_LocalRotation.z
      value: 0.7071068
      objectReference: {fileID: 0}
    - target: {fileID: 6976406504455177525, guid: 82274071eafe5cf46aaa061e23bda6fd, type: 3}
      propertyPath: m_LocalEulerAnglesHint.x
      value: 0
      objectReference: {fileID: 0}
    - target: {fileID: 6976406504455177525, guid: 82274071eafe5cf46aaa061e23bda6fd, type: 3}
      propertyPath: m_LocalEulerAnglesHint.y
      value: 0
      objectReference: {fileID: 0}
    - target: {fileID: 6976406504455177525, guid: 82274071eafe5cf46aaa061e23bda6fd, type: 3}
      propertyPath: m_LocalEulerAnglesHint.z
      value: 90
      objectReference: {fileID: 0}
    m_RemovedComponents: []
  m_SourcePrefab: {fileID: 100100000, guid: 82274071eafe5cf46aaa061e23bda6fd, type: 3}
--- !u!4 &3038169573694092424 stripped
Transform:
  m_CorrespondingSourceObject: {fileID: 6976406504455177525, guid: 82274071eafe5cf46aaa061e23bda6fd, type: 3}
  m_PrefabInstance: {fileID: 5402230349984510397}
  m_PrefabAsset: {fileID: 0}
--- !u!1001 &5757257806659664935
PrefabInstance:
  m_ObjectHideFlags: 0
  serializedVersion: 2
  m_Modification:
    m_TransformParent: {fileID: 8121851126732625300}
    m_Modifications:
    - target: {fileID: 284560333256422386, guid: 58e9da77f55aae1498fa8ee10413fd93, type: 3}
      propertyPath: m_RootOrder
      value: 4
      objectReference: {fileID: 0}
    - target: {fileID: 284560333256422386, guid: 58e9da77f55aae1498fa8ee10413fd93, type: 3}
      propertyPath: m_LocalPosition.x
      value: -4.2791767
      objectReference: {fileID: 0}
    - target: {fileID: 284560333256422386, guid: 58e9da77f55aae1498fa8ee10413fd93, type: 3}
      propertyPath: m_LocalPosition.y
      value: -0.07499504
      objectReference: {fileID: 0}
    - target: {fileID: 284560333256422386, guid: 58e9da77f55aae1498fa8ee10413fd93, type: 3}
      propertyPath: m_LocalPosition.z
      value: 0
      objectReference: {fileID: 0}
    - target: {fileID: 284560333256422386, guid: 58e9da77f55aae1498fa8ee10413fd93, type: 3}
      propertyPath: m_LocalRotation.w
      value: 0.7071068
      objectReference: {fileID: 0}
    - target: {fileID: 284560333256422386, guid: 58e9da77f55aae1498fa8ee10413fd93, type: 3}
      propertyPath: m_LocalRotation.x
      value: -0
      objectReference: {fileID: 0}
    - target: {fileID: 284560333256422386, guid: 58e9da77f55aae1498fa8ee10413fd93, type: 3}
      propertyPath: m_LocalRotation.y
      value: -0
      objectReference: {fileID: 0}
    - target: {fileID: 284560333256422386, guid: 58e9da77f55aae1498fa8ee10413fd93, type: 3}
      propertyPath: m_LocalRotation.z
      value: -0.7071068
      objectReference: {fileID: 0}
    - target: {fileID: 284560333256422386, guid: 58e9da77f55aae1498fa8ee10413fd93, type: 3}
      propertyPath: m_LocalEulerAnglesHint.x
      value: 0
      objectReference: {fileID: 0}
    - target: {fileID: 284560333256422386, guid: 58e9da77f55aae1498fa8ee10413fd93, type: 3}
      propertyPath: m_LocalEulerAnglesHint.y
      value: 0
      objectReference: {fileID: 0}
    - target: {fileID: 284560333256422386, guid: 58e9da77f55aae1498fa8ee10413fd93, type: 3}
      propertyPath: m_LocalEulerAnglesHint.z
      value: -90
      objectReference: {fileID: 0}
    - target: {fileID: 7481353696182019729, guid: 58e9da77f55aae1498fa8ee10413fd93, type: 3}
      propertyPath: m_Name
      value: Down Arrow
      objectReference: {fileID: 0}
    - target: {fileID: 7481353696182019729, guid: 58e9da77f55aae1498fa8ee10413fd93, type: 3}
      propertyPath: m_IsActive
      value: 0
      objectReference: {fileID: 0}
    m_RemovedComponents: []
  m_SourcePrefab: {fileID: 100100000, guid: 58e9da77f55aae1498fa8ee10413fd93, type: 3}
--- !u!4 &5482874596000616405 stripped
Transform:
  m_CorrespondingSourceObject: {fileID: 284560333256422386, guid: 58e9da77f55aae1498fa8ee10413fd93, type: 3}
  m_PrefabInstance: {fileID: 5757257806659664935}
  m_PrefabAsset: {fileID: 0}
--- !u!1001 &6950080623393234648
PrefabInstance:
  m_ObjectHideFlags: 0
  serializedVersion: 2
  m_Modification:
    m_TransformParent: {fileID: 8121851126732625300}
    m_Modifications:
    - target: {fileID: 688207164739335984, guid: 00c1f3e00ecaa5043ac42520850565d5, type: 3}
      propertyPath: m_Name
      value: Left Arrow
      objectReference: {fileID: 0}
    - target: {fileID: 688207164739335984, guid: 00c1f3e00ecaa5043ac42520850565d5, type: 3}
      propertyPath: m_IsActive
      value: 0
      objectReference: {fileID: 0}
    - target: {fileID: 7820469011209499307, guid: 00c1f3e00ecaa5043ac42520850565d5, type: 3}
      propertyPath: m_RootOrder
      value: 2
      objectReference: {fileID: 0}
    - target: {fileID: 7820469011209499307, guid: 00c1f3e00ecaa5043ac42520850565d5, type: 3}
      propertyPath: m_LocalPosition.x
      value: -4.8697605
      objectReference: {fileID: 0}
    - target: {fileID: 7820469011209499307, guid: 00c1f3e00ecaa5043ac42520850565d5, type: 3}
      propertyPath: m_LocalPosition.y
      value: -0.14530277
      objectReference: {fileID: 0}
    - target: {fileID: 7820469011209499307, guid: 00c1f3e00ecaa5043ac42520850565d5, type: 3}
      propertyPath: m_LocalPosition.z
      value: 0
      objectReference: {fileID: 0}
    - target: {fileID: 7820469011209499307, guid: 00c1f3e00ecaa5043ac42520850565d5, type: 3}
      propertyPath: m_LocalRotation.w
      value: 0
      objectReference: {fileID: 0}
    - target: {fileID: 7820469011209499307, guid: 00c1f3e00ecaa5043ac42520850565d5, type: 3}
      propertyPath: m_LocalRotation.x
      value: -0
      objectReference: {fileID: 0}
    - target: {fileID: 7820469011209499307, guid: 00c1f3e00ecaa5043ac42520850565d5, type: 3}
      propertyPath: m_LocalRotation.y
      value: -0
      objectReference: {fileID: 0}
    - target: {fileID: 7820469011209499307, guid: 00c1f3e00ecaa5043ac42520850565d5, type: 3}
      propertyPath: m_LocalRotation.z
      value: 1
      objectReference: {fileID: 0}
    - target: {fileID: 7820469011209499307, guid: 00c1f3e00ecaa5043ac42520850565d5, type: 3}
      propertyPath: m_LocalEulerAnglesHint.x
      value: 0
      objectReference: {fileID: 0}
    - target: {fileID: 7820469011209499307, guid: 00c1f3e00ecaa5043ac42520850565d5, type: 3}
      propertyPath: m_LocalEulerAnglesHint.y
      value: 0
      objectReference: {fileID: 0}
    - target: {fileID: 7820469011209499307, guid: 00c1f3e00ecaa5043ac42520850565d5, type: 3}
      propertyPath: m_LocalEulerAnglesHint.z
      value: 180
      objectReference: {fileID: 0}
    m_RemovedComponents: []
  m_SourcePrefab: {fileID: 100100000, guid: 00c1f3e00ecaa5043ac42520850565d5, type: 3}
--- !u!4 &933448682017811571 stripped
Transform:
  m_CorrespondingSourceObject: {fileID: 7820469011209499307, guid: 00c1f3e00ecaa5043ac42520850565d5, type: 3}
  m_PrefabInstance: {fileID: 6950080623393234648}
  m_PrefabAsset: {fileID: 0}
--- !u!1001 &6994183956363977145
PrefabInstance:
  m_ObjectHideFlags: 0
  serializedVersion: 2
  m_Modification:
    m_TransformParent: {fileID: 8121851126732625300}
    m_Modifications:
    - target: {fileID: 1780352690591175414, guid: cea6669696f21594fbb129d08055bb4f, type: 3}
      propertyPath: m_Name
      value: Right Arrow
      objectReference: {fileID: 0}
    - target: {fileID: 1780352690591175414, guid: cea6669696f21594fbb129d08055bb4f, type: 3}
      propertyPath: m_IsActive
      value: 0
      objectReference: {fileID: 0}
    - target: {fileID: 7769451375080124777, guid: cea6669696f21594fbb129d08055bb4f, type: 3}
      propertyPath: m_RootOrder
      value: 1
      objectReference: {fileID: 0}
    - target: {fileID: 7769451375080124777, guid: cea6669696f21594fbb129d08055bb4f, type: 3}
      propertyPath: m_LocalPosition.x
      value: -4.461977
      objectReference: {fileID: 0}
    - target: {fileID: 7769451375080124777, guid: cea6669696f21594fbb129d08055bb4f, type: 3}
      propertyPath: m_LocalPosition.y
      value: 0.06562042
      objectReference: {fileID: 0}
    - target: {fileID: 7769451375080124777, guid: cea6669696f21594fbb129d08055bb4f, type: 3}
      propertyPath: m_LocalPosition.z
      value: 0
      objectReference: {fileID: 0}
    - target: {fileID: 7769451375080124777, guid: cea6669696f21594fbb129d08055bb4f, type: 3}
      propertyPath: m_LocalRotation.w
      value: 1
      objectReference: {fileID: 0}
    - target: {fileID: 7769451375080124777, guid: cea6669696f21594fbb129d08055bb4f, type: 3}
      propertyPath: m_LocalRotation.x
      value: -0
      objectReference: {fileID: 0}
    - target: {fileID: 7769451375080124777, guid: cea6669696f21594fbb129d08055bb4f, type: 3}
      propertyPath: m_LocalRotation.y
      value: -0
      objectReference: {fileID: 0}
    - target: {fileID: 7769451375080124777, guid: cea6669696f21594fbb129d08055bb4f, type: 3}
      propertyPath: m_LocalRotation.z
      value: -0
      objectReference: {fileID: 0}
    - target: {fileID: 7769451375080124777, guid: cea6669696f21594fbb129d08055bb4f, type: 3}
      propertyPath: m_LocalEulerAnglesHint.x
      value: 0
      objectReference: {fileID: 0}
    - target: {fileID: 7769451375080124777, guid: cea6669696f21594fbb129d08055bb4f, type: 3}
      propertyPath: m_LocalEulerAnglesHint.y
      value: 0
      objectReference: {fileID: 0}
    - target: {fileID: 7769451375080124777, guid: cea6669696f21594fbb129d08055bb4f, type: 3}
      propertyPath: m_LocalEulerAnglesHint.z
      value: 0
      objectReference: {fileID: 0}
    m_RemovedComponents: []
  m_SourcePrefab: {fileID: 100100000, guid: cea6669696f21594fbb129d08055bb4f, type: 3}
--- !u!4 &775454335711416528 stripped
Transform:
  m_CorrespondingSourceObject: {fileID: 7769451375080124777, guid: cea6669696f21594fbb129d08055bb4f, type: 3}
  m_PrefabInstance: {fileID: 6994183956363977145}
  m_PrefabAsset: {fileID: 0}
